@inproceedings{redmon2016you,
  title={You only look once: Unified, real-time object detection},
  author={Redmon, Joseph and Divvala, Santosh and Girshick, Ross and Farhadi, Ali},
  booktitle={Proceedings of the IEEE conference on computer vision and pattern recognition},
  pages={779--788},
  year={2016}
}
@article{kaiser2018discrete,
  title={Discrete autoencoders for sequence models},
  author={Kaiser, {\L}ukasz and Bengio, Samy},
  journal={arXiv preprint arXiv:1801.09797},
  year={2018}
}
@inproceedings{chen2019you,
  title={You look twice: Gaternet for dynamic filter selection in cnns},
  author={Chen, Zhourong and Li, Yang and Bengio, Samy and Si, Si},
  booktitle={Proceedings of the IEEE/CVF Conference on Computer Vision and Pattern Recognition},
  pages={9172--9180},
  year={2019}
}
@article{li2022yolov6,
  title={YOLOv6: A single-stage object detection framework for industrial applications},
  author={Li, Chuyi and Li, Lulu and Jiang, Hongliang and Weng, Kaiheng and Geng, Yifei and Li, Liang and Ke, Zaidan and Li, Qingyuan and Cheng, Meng and Nie, Weiqiang and others},
  journal={arXiv preprint arXiv:2209.02976},
  year={2022}
}
@article{li2023yolov6,
  title={Yolov6 v3. 0: A full-scale reloading},
  author={Li, Chuyi and Li, Lulu and Geng, Yifei and Jiang, Hongliang and Cheng, Meng and Zhang, Bo and Ke, Zaidan and Xu, Xiaoming and Chu, Xiangxiang},
  journal={arXiv preprint arXiv:2301.05586},
  year={2023}
}
@inproceedings{bengio2013deep,
  title={Deep learning of representations: Looking forward},
  author={Bengio, Yoshua},
  booktitle={International conference on statistical language and speech processing},
  pages={1--37},
  year={2013},
  organization={Springer}
}
@article{zhang2023neural,
  title={Neural Network Pruning by Gradient Descent},
  author={Zhang, Zhang and Tao, Ruyi and Zhang, Jiang},
  journal={arXiv preprint arXiv:2311.12526},
  year={2023}
}
@inproceedings{hu2018squeeze,
  title={Squeeze-and-excitation networks},
  author={Hu, Jie and Shen, Li and Sun, Gang},
  booktitle={Proceedings of the IEEE conference on computer vision and pattern recognition},
  pages={7132--7141},
  year={2018}
}
@article{liu2020dynamic,
  title={Dynamic sparse training: Find efficient sparse network from scratch with trainable masked layers},
  author={Liu, Junjie and Xu, Zhe and Shi, Runbin and Cheung, Ray CC and So, Hayden KH},
  journal={arXiv preprint arXiv:2005.06870},
  year={2020}
}
@article{kaiser2015neural,
  title={Neural gpus learn algorithms},
  author={Kaiser, {\L}ukasz and Sutskever, Ilya},
  journal={arXiv preprint arXiv:1511.08228},
  year={2015}
}
@inproceedings{he2016deep,
  title={Deep residual learning for image recognition},
  author={He, Kaiming and Zhang, Xiangyu and Ren, Shaoqing and Sun, Jian},
  booktitle={Proceedings of the IEEE conference on computer vision and pattern recognition},
  pages={770--778},
  year={2016}
}
@article{snyder2019streets,
  title={Streets: A novel camera network dataset for traffic flow},
  author={Snyder, Corey and Do, Minh},
  journal={Advances in Neural Information Processing Systems},
  volume={32},
  year={2019}
}
@inproceedings{howard2019searching,
  title={Searching for mobilenetv3},
  author={Howard, Andrew and Sandler, Mark and Chu, Grace and Chen, Liang-Chieh and Chen, Bo and Tan, Mingxing and Wang, Weijun and Zhu, Yukun and Pang, Ruoming and Vasudevan, Vijay and others},
  booktitle={Proceedings of the IEEE/CVF international conference on computer vision},
  pages={1314--1324},
  year={2019}
}

@misc{liu2018mobilenet,
  author = {Eric Liu},
  title = {MobileNet-YOLO Caffe},
  year = {2018},
  publisher = {GitHub},
  journal = {GitHub repository},
  howpublished = {\url{https://github.com/eric612/MobileNet-YOLO}}
}

@inproceedings{kalwar2023gdip,
  title={GDIP: gated differentiable image processing for object detection in adverse conditions},
  author={Kalwar, Sanket and Patel, Dhruv and Aanegola, Aakash and Konda, Krishna Reddy and Garg, Sourav and Krishna, K Madhava},
  booktitle={2023 IEEE International Conference on Robotics and Automation (ICRA)},
  pages={7083--7089},
  year={2023},
  organization={IEEE}
}