@article{won2015a,
  title={Anisotropic yielding behavior of rolling textured high purity titanium},
  author={Won, Jong Woo and Park, Kyung-Tae and Hong, Seong-Gu and Lee, Chong Soo},
  journal={Materials Science and Engineering: A},
  volume={637},
  pages={215--221},
  year={2015},
  publisher={Elsevier}
}
@article{won2015b,
  title={Deformation anisotropy and associated mechanisms in rolling textured high purity titanium},
  author={Won, Jong Woo and Park, Chan Hee and Hong, Seong-Gu and Lee, Chong Soo},
  journal={Journal of Alloys and Compounds},
  volume={651},
  pages={245--254},
  year={2015},
  publisher={Elsevier}
}
@article{Ahn2015,
  title={Rate-dependent hardening model for pure titanium considering the effect of deformation twinning},
  author={Ahn, Kwanghyun and Huh, Hoon and Yoon, Jonghun},
  journal={International Journal of Mechanical Sciences},
  volume={98},
  pages={80--92},
  year={2015},
  publisher={Elsevier}
}
@article{barlat2003plane,
  title={Plane stress yield function for aluminum alloy sheets—part 1: theory},
  author={Barlat, F and Brem, JC and Yoon, Jeong W and Chung, K and Dick, RE and Lege, DJ and Pourboghrat, F and Choi, S-H and Chu, E},
  journal={International Journal of Plasticity},
  volume={19},
  number={9},
  pages={1297--1319},
  year={2003},
  publisher={Elsevier}
}
@article{ishiki2011,
  title={Measurement and analysis of differential work hardening behavior of pure titanium sheet using spline function},
  author={Ishiki, Mantaro and Kuwabara, Toshihiko and Hayashida, Yasuhiro},
  journal={International journal of material forming},
  volume={4},
  number={2},
  pages={193--204},
  year={2011},
  publisher={Springer}
}
@inproceedings{sumita2011,
  title={Measurement of Work Hardening Behavior of Pure Titanium Sheet Using A Servo-Controlled Tube Bulge Testing Apparatus},
  author={Sumita, Takeshi and Kuwabara, Toshihiko and Hayashida, Yasuhiro},
  booktitle={AIP Conference Proceedings},
  volume={1353},
  number={1},
  pages={1423--1428},
  year={2011},
  organization={AIP}
}
@article{hama2017crystal,
  title={Crystal-plasticity finite-element analysis of anisotropic deformation behavior in a commercially pure titanium Grade 1 sheet},
  author={Hama, Takayuki and Kobuki, Akihiro and Takuda, Hirohiko},
  journal={International Journal of Plasticity},
  volume={91},
  pages={77--108},
  year={2017},
  publisher={Elsevier}
}
@article{pham2018a,
  title={effect of distortional hardening model ...},
  author={Pham, Quoc Tuan and ...},
  journal={Numisheet 2018},
  volume={91},
  pages={77--108},
  year={2018},
  publisher={Elsevier}
}
@article{pham2017,
  title={Identification of the plastic deformation characteristics of AL5052-O sheet based on the non-associated flow rule},
  author={Pham, Quoc Tuan and Kim, Young Suk},
  journal={Metals and Materials International},
  volume={23},
  number={2},
  pages={254--263},
  year={2017},
  publisher={Springer}
}
@article{safaei2013,
  title={Evaluation of anisotropic constitutive models: Mixed anisotropic hardening and non-associated flow rule approach},
  author={Safaei, Mohsen and Zang, Shun-lai and Lee, Myoung-Gyu and De Waele, Wim},
  journal={International Journal of Mechanical Sciences},
  volume={73},
  pages={53--68},
  year={2013},
  publisher={Elsevier}
}
@article{yoon2004,
  title={Plane stress yield function for aluminum alloy sheets—part II: FE formulation and its implementation},
  author={Yoon, Jeong-Whan and Barlat, Fr{\'e}d{\'e}ric and Dick, Robert E and Chung, Kwansoo and Kang, Tae Jin},
  journal={International Journal of Plasticity},
  volume={20},
  number={3},
  pages={495--522},
  year={2004},
  publisher={Elsevier}
}